 	

@Article{pierre2002a,
  author = 	 {Guillaume Pierre and Maarten van Steen and 
                  Andrew S. Tanenbaum},
  title = 	 {Dynamically Selecting Optimal Distribution Strategies 
                  for {W}eb Documents},
  journal = 	 {IEEE Transactions on Computers},
  year = 	 {2002},
  month = 	 jun,
  volume = 	 {51},
  number = 	 {6},
  pages =        {637--651},
  note = 	 {\ahrefurl{\url{http://www.cs.vu.nl/~gpierre/publi/DSODSWD_toc2002.php3}}}
}

@InProceedings{swami2004d,
  author =       {Swaminathan Sivasubramanian and Guillaume Pierre
                  and Maarten van Steen},
  title =        {Replicating Web Applications On-Demand},
  booktitle =    {Proceedings of the IEEE International Conference
                  on Services Computing},
  year =         {2004},
  address =      {Shanghai, China},
  month =        sep,
  note =         {\ahrefurl{\url{http://www.globule.org/publi/RWAOD_scc2004.html}}}
}

@InProceedings{szymaniak2004a,
  author = 	 {Micha\l\ Szymaniak and Guillaume Pierre
                  and Maarten van Steen},
  title = 	 {Scalable Cooperative Latency Estimation},
  booktitle = 	 {Proceedings of the 10th International Conference
                  on Parallel and Distributed Systems (ICPADS)},
  year = 	 {2004},
  month = 	 jul,
  address = 	 {Newport Beach, CA, USA},
  note = 	 {\ahrefurl{\url{http://www.globule.org/publi/SCLE_icpads2004.html}}}
}

@InProceedings{szymaniak2005a,
  author = 	 {Michal Szymaniak and Guillaume Pierre
                  and Maarten van Steen},
  title = 	 {Latency-Driven Replica Placement},
  booktitle = 	 {Proceedings of the International Symposium
                  on Applications and the Internet (SAINT)},
  year = 	 {2005},
  address = 	 {Trento, Italy},
  month = 	 feb,
  note = 	 {\ahrefurl{\url{http://www.globule.org/publi/LDRP_saint2005.html}}}
}

@Article{diley2002,
  author =       {J. Dilley and B. Maggs and J. Parikh and
                  H. Prokop and R. Sitaraman and B. Weihl},
  title =        {Globally Distributed Content Delivery},
  journal =      {IEEE Internet Computing},
  year =         {2002},
  volume =       {6},
  number =       {5},
  pages =        {50--58},
  month =        {September-October},
  note =      {\ahrefurl{\url{http://csdl.computer.org/comp/mags/ic/2002/05/w5050abs.htm}}}
}

@Misc{swami2005c,
  author =       {Swaminathan Sivasubramanian and Guillaume Pierre and
                  Maarten van Steen and Gustavo Alonso},
  title =        {{GlobeCBC}: Content-blind Result Caching for
                  Dynamic Web Applications},
  howpublished = {Submitted for publication},
  month =        oct,
  year =         {2005},
  note =         {\ahrefurl{\url{http://www.globule.org/publi/GCBRCDWA_draft.html}}}
}

@InProceedings{baryshnikov2005,
  author =       {Y. Baryshnikov and E.G. Coffman and G. Pierre and
                  D. Rubenstein and M. Squillante and T. Yimwadsana},
  title =        {Predictability of web-server traffic congestion},
  booktitle =    {Proc. 10th Intl. Workshop on Web Content Caching and
                  Distribution},
  pages =        {97---103},
  year =         2005,
  address =      {Sophia Antipolis, France},
  month =        {September}
}
